<?xml version="1.0" encoding="UTF-8"?><collection xmlns="http://www.loc.gov/MARC21/slim"><record><leader>00368nam--2200133-i-4500</leader><controlfield tag="001">000047694</controlfield><controlfield tag="002">20161230</controlfield><controlfield tag="005">20161230201046</controlfield><controlfield tag="008">060222s1000------------r-----000-0-eng-d</controlfield><datafield ind1=" " ind2=" " tag="100"><subfield code="a">Wilts, Charles H</subfield></datafield><datafield ind1=" " ind2=" " tag="245"><subfield code="a">Principles of feedback control</subfield></datafield><datafield ind1=" " ind2=" " tag="260"><subfield code="a">London, Addison-wesley Publ.Co., 1960, X+271p</subfield></datafield><datafield ind1=" " ind2=" " tag="490"><subfield code="a">Addison-wesley Series In The Eng.Sci.)</subfield></datafield><datafield ind1=" " ind2=" " tag="852"><subfield code="a">16704</subfield></datafield></record></collection>